

@Manual{animation,
  author  = {Xie, Yihui},
  title   = {animation: Demonstrate Animations in Statistics},
  note    = {R package version 0.1-7},
  url     = {http://R.yihui.name},
  year    = {2008}
}

@Misc{asuncion:2007,
  author  = {Asuncion, A. and Newman, D.J.},
  title   = {{UCI} Machine Learning Repository},
  institution={University of California, Irvine, School of Information and
            Computer Sciences},
  url     = {http://www.ics.uci.edu/~mlearn/MLRepository.html},
  year    = {2007},
  bdsk-url-2={http://www.ics.uci.edu/~mlearn/MLRepository.html}
}

@Article{bickel:1975a,
  author  = {Bickel, P. J. and Lehmann, E. L.},
  title   = {Descriptive statistics for nonparametric models. {I}:
            Introduction},
  journal = {The Annals of Statistics},
  keywords= {descriptive},
  pages   = {1038--1044},
  volume  = {3},
  year    = {1975}
}

@Article{bickel:1975b,
  author  = {Bickel, P. J. and Lehmann, E. L.},
  title   = {Descriptive statistics for nonparametric models. {II}:
            Location},
  journal = {The Annals of Statistics},
  keywords= {descriptive},
  pages   = {1045--1069},
  volume  = {3},
  year    = {1975}
}

@article{bostock:2011,
  title = {D3: Data-Driven Documents},
  author = {Michael Bostock AND Vadim Ogievetsky AND Jeffrey Heer},
  journal = {IEEE Trans. Visualization \& Comp. Graphics (Proc. InfoVis)},
  year = {2011},
  url = {http://vis.stanford.edu/papers/d3}
}

@Book{breiman:1984,
  author  = {Breiman, Leo and Friedman, Jerome and Stone, Charltes and
            Olshen, RA},
  title   = {Classification and Regression Trees},
  publisher={Chapman \& Hall},
  year    = {1984}
}

@Article{breiman:2001,
  author  = {Breiman, Leo},
  title   = {Random Forests},
  journal = {Machine Learning},
  number  = {1},
  pages   = {5--32},
  volume  = {45},
  year    = {2001}
}

@INPROCEEDINGS{Buja04computationalmethods,
    author = {Andreas Buja and Dianne Cook and Daniel Asimov and Catherine Hurley},
    title = {Computational Methods for High-Dimensional Rotations in Data Visualization},
    booktitle = {Handbook of Statistics: Data Mining and Computational Statistics},
    editors={Rao, C.~R. and Wegman, E.~J. and Solka, J.~L.}, 
    year = {2004},
    publisher = {Elsevier}, Address={The Netherlands}, Pages={391--413}
}

@ARTICLE{buja:2008,
    author = {Andreas Buja and Deborah F. Swayne and Michael L. Littman and Nathaniel Dean and Heike Hofmann and Lisha Chen},
    title = {Data visualization with multidimensional scaling},
    journal = {Journal of Computational and Graphical Statistics},
    year = {2008}, Volume=17, Number=2, Pages={444--472}
}

@Manual{chang:2015,
    title = {ggvis: Interactive Grammar of Graphics},
    author = {Winston Chang and Hadley Wickham},
    year = {2015},
    note = {R package version 0.4.1},
    url = {http://CRAN.R-project.org/package=ggvis},
  }

@Manual{classifly,
  author  = {Wickham, Hadley},
  title   = {classifly: Explore classification models in high dimensions},
  note    = {R package version 0.2.3},
  url     = {http://had.co.nz/classifly},
  year    = {2007}
}

@Manual{clusterfly,
  author  = {Wickham, Hadley},
  title   = {clusterfly: Explore clustering interactively using R and GGobi},
  note    = {R package version 0.2.3},
  url     = {http://had.co.nz/clusterfly},
  year    = {2007}
}

@Article{cook:1995,
  author  = {Cook, Dianne and Buja, Andreas and Cabrera, Javier and Hurley,
            Catherine},
  title   = {Grand Tour and Projection Pursuit},
  journal = {Journal of Computational and Graphical Statistics},
  keywords= {tour},
  number  = {3},
  pages   = {155-172},
  volume  = {4},
  year    = {1995}
}

@Book{cook:1998,
  author  = {Cook, R. Dennis},
  title   = {Regression Graphics: Ideas for Studying Regressions through
            Graphics},
  publisher={John Wiley \& Sons},
  year    = {1998}
}

@InCollection{cook:2006,
  author  = {Cook, D. and Lee, E.-K. and Buja, A. and Wickham, H.},
  title   = {Grand Tours, Projection Pursuit Guided Tours and Manual
            Controls},
  booktitle={Handbook of Data Visualization},
  chapter = {III.2},
  editor  = {Chen, Chunhouh and H{\"a}rdle, Wolfgang and Unwin, Antony},
  keywords= {tour},
  pages   = {295--314},
  publisher={Springer},
  series  = {Springer Handbooks of Computational Statistics},
  year    = {2008}
}

@Book{cook:2007,
  author  = {Cook, Dianne and Swayne, Deborah F.},
  title   = {Interactive and Dynamic Graphics for Data Analysis: With
            Examples Using R and GGobi},
  keywords= {software/ggobi},
  publisher={Springer},
  year    = {2007}
}

@Article{cortes:1995,
  author  = {Cortes, Corinna and Vapnik, Vladimir},
  title   = {Support-Vector Networks},
  journal = {Machine Learning},
  number  = {3},
  pages   = {273--297},
  volume  = {20},
  year    = {1995}
}

@Manual{cranvas:2013,
    title = {cranvas: Interactive statistical graphics based on {Qt}},
    author = {Yihui Xie and Heike Hofmann and Di Cook and Xiaoyue Cheng and Barret Schloerke and Marie Vendettuoli and Tengfei Yin and Hadley Wickham and Michael Lawrence},
    year = {2013},
    note = {R package version 0.8.5},
    url = {http://github.com/ggobi/cranvas, http://cranvas.org},
  }
  
@Manual{e1071,
  author  = {Dimitriadou, Evgenia and Hornik, Kurt and Leisch, Friedrich and
            Meyer, David and and Andreas Weingessel},
  title   = {e1071: Misc Functions of the Department of Statistics (e1071),
            TU Wien},
  note    = {R package version 1.5-16},
  year    = {2006}
}

@Manual{emerson,
  author  = {Emerson, J.~W.},
  title   = {YaleToolkit: Data Exploration Tools from Yale Department of
            Statistics},
  note    = {R package version 3.1},
  year    = {2007}
}

@Article{fisher:1936,
  author  = {Fisher, Ronald},
  title   = {The Use of Multiple Measurements in Taxonomic Problems},
  journal = {Annals of Eugenics},
  pages   = {179--188},
  volume  = {7},
  year    = {1936}
}

@Article{friedman:1974,
  author  = {Friedman, J. and Tukey, J},
  title   = {A projection pursuit algorithm for exploratory data analysis},
  journal = {IEEE Transactions on Computers C},
  keywords= {projection pursuit},
  pages   = {881-889},
  volume  = {23},
  year    = {1974}
}

@Book{gelman:2006,
  author  = {Gelman, Andrew and Hill, Jennifer},
  title   = {Data Analysis Using Regression and Multilevel/Hierarchical
            Models},
  publisher={Cambridge University Press},
  year    = {2006}
}

@Misc{gribov:2007,
  author  = {Gribov, Alexander},
  title   = {GAUGUIN (Grouping And Using Glyphs Uncovering Individual
            Nuances)},
  keywords= {augsburg},
  url     = {http://rosuda.org/software/Gauguin/gauguin.html},
  year    = {2007}
}

@Book{hartigan:1975a,
  author  = {Hartigan, J. A.},
  title   = {Clustering Algorithms},
  publisher={Wiley},
  year    = {1975}
}

@Manual{hocking:2015,
    author = {Toby Hocking and Susan VanderPlas and Carson Sievert},
    title={animint},
    url={http://tdhock.github.io/animint/},
    year=2015
}

@Article{huber:1985,
  author  = {Huber, P},
  title   = {Projection pursuit},
  journal = {The Annals of Statistics},
  keywords= {projection pursuit},
  pages   = {435-475},
  volume  = {13},
  year    = {1985}
}

@Manual{iplots,
  author  = {Urbanek, Simon and Wichtrey, Tobias},
  title   = {iplots: iPlots - interactive graphics for R},
  note    = {R package version 1.1-1},
  url     = {http://www.iPlots.org/},
  year    = {2007}
}

@Book{jw02,
  author  = "Johnson, R. A. and Wichern, D. W.",
  title   = "Applied Multivariate Statistical Analysis (5th ed)",
  year    = 2002,
  publisher="Prentice-Hall",
  address = "Englewood Cliffs, NJ"
}

@Article{kim:2000,
  author  = {Kim, Sung-Soo and Kwon, Sunhee and Cook, Dianne},
  title   = {Interactive visualization of hierarchical clusters using {MDS}
            and {MST}},
  journal = {Metrika},
  keywords= {clustering},
  number  = {1},
  pages   = {39--51},
  volume  = {51},
  year    = {2000}
}

@Article{kirkpatrick:1983,
  author  = {Kirkpatrick, S. and Gelatt, C. D. and Vecchi, M. P.},
  title   = {Optimization by Simulated Annealing},
  journal = {Science},
  pages   = {671-680},
  volume  = {220},
  year    = {1983}
}

@Article{kohonen,
  author  = {Wehrens, R. and Buydens, L.M.C.},
  title   = {Self- and Super-organising Maps in {R}: the kohonen package},
  journal = {Journal of Statistical Software},
  number  = {5},
  url     = {http://www.jstatsoft.org/v21/i05},
  volume  = {21},
  year    = {2007}
}

@Book{kohonen:2001,
  author  = {Kohonen, Tuevo},
  title   = {Self-Organizing Maps},
  publisher={Springer},
  series  = {Springer Series in Information Science},
  volume  = {30},
  year    = {2001}
}

@Article{kruskal:1983,
  author  = {Kruskal, J. B. and Landwehr, J. M.},
  title   = {Icicle plots: Better displays for hierarchical clustering},
  journal = {The American Statistician},
  keywords= {clustering},
  pages   = {162--168},
  volume  = {37},
  year    = {1983}
}

@Article{luo:2006,
  author  = {Luo, Xiaohui and Stefanski, Leonard A. and Boos, Dennis D.},
  title   = {Tuning variable selection procedures by adding noise},
  journal = {Technometrics},
  number  = {2},
  pages   = {165--175},
  volume  = {48},
  year    = {2006}
}

@Book{mass,
  author  = {Venables, W. N. and Ripley, B. D.},
  title   = {Modern Applied Statistics with S},
  address = {New York},
  edition = {Fourth},
  keywords= {language/s},
  note    = {ISBN 0-387-95457-0},
  publisher={Springer},
  url     = {http://www.stats.ox.ac.uk/pub/MASS4},
  year    = {2002}
}

@Manual{meifly,
  author  = {Wickham, Hadley},
  title   = {meifly: Interactive model exploration using GGobi},
  note    = {R package version 0.1.1},
  url     = {http://had.co.nz/meifly},
  year    = {2006}
}

@Manual{r,
  author  = {{R Development Core Team}},
  title   = {R: A Language and Environment for Statistical Computing},
  address = {Vienna, Austria},
  keywords= {no-electronic, software/r},
  note    = {{ISBN} 3-900051-07-0},
  organization={R Foundation for Statistical Computing},
  url     = {http://www.R-project.org},
  year    = {2007}
}

@Manual{raft,
  author  = {Breiman, Leo and Cutler, Adele},
  title   = {RAFT Documentation},
  note    = {Accessed from
            \url{http://www.stat.berkeley.edu/~breiman/RandomForests/cc_graphicsdoc.htm}
            on 2008-03-09},
  url     = {http://www.webcitation.org/5WCgv1oW9},
  year    = {2008}
}

@Article{randomforest,
  author  = {Liaw, Andy and Wiener, Matthew},
  title   = {Classification and Regression by randomForest},
  journal = {R News},
  keywords= {classification},
  number  = {3},
  pages   = {18-22},
  url     = {http://CRAN.R-project.org/doc/Rnews/},
  volume  = {2},
  year    = {2002}
}

@Manual{rggobi,
  author  = {{Temple Lang}, Duncan and Swayne, Debby and Wickham, Hadley and
            Lawrence, Michael},
  title   = {rggobi: Interface between R and GGobi},
  note    = {R package version 2.1.7},
  url     = {http://www.ggobi.org/rggobi},
  year    = {2007}
}

@Manual{rpart,
  author  = {Therneau, Terry M and Atkinson, Beth},
  title   = {rpart: Recursive Partitioning},
  keywords= {classification},
  note    = {R port by Brian Ripley. R package version 3.1-39},
  year    = {2008}
}

@Manual{scagnostics,
    title = {scagnostics: Compute scagnostics - scatterplot diagnostics},
    author = {Lee Wilkinson and Anushka Anand},
    year = {2012},
    note = {R package version 0.2-4},
    url = {http://CRAN.R-project.org/package=scagnostics},
  }
  

@Article{schonlau:2002,
  author  = {Schonlau, Matthias},
  title   = {The clustergram: A graph for visualizing hierarchical and
            non-hierarchical cluster analyses},
  journal = {The Stata Journal},
  pages   = {316-327},
  url     = {http://www.schonlau.net/clustergram.html},
  volume  = {3},
  year    = {2002}
}

@Article{searle:1980,
  author  = {Searle, S. R. and Speed, F. M. and Milliken, G. A.},
  title   = {Population marginal means in the linear model: An alternative to
            least squares means},
  journal = {The American Statistician},
  pages   = {216--221},
  volume  = {34},
  year    = {1980}
}

@Manual{shiny,
    title = {{shiny: Web Application Framework for R}},
    author = {Winston Chang and Joe Cheng and JJ Allaire and Yihui Xie and Jonathan McPherson},
    year = {2015},
    note = {R package version 0.11.1},
    url = {http://CRAN.R-project.org/package=shiny},
  }

@Article{swayne:1991,
  author  = {Swayne, DF and Buja, A and Hubbell, N},
  title   = {{XGobi} meets {S}: integrating software for data analysis},
  journal = {Computing Science and Statistics},
  keywords= {software/ggobi},
  pages   = {430-434},
  volume  = {23},
  year    = {1991}
}

@Article{swayne:2003,
  author  = {Swayne, Deborah F. and {Temple Lang}, Duncan and Buja, Andreas
            and Cook, Dianne},
  title   = {{GG}obi: Evolving from {XG}obi into an Extensible Framework for
            Interactive Data Visualization},
  journal = {Computational Statistics \& Data Analysis},
  keywords= {software/ggobi},
  pages   = {423--444},
  volume  = 43,
  year    = 2003
}

@Article{theus:2003,
  author  = {Theus, Martin},
  title   = {Interactive data visualiating using {M}ondrian},
  journal = {Journal of Statistical Software},
  keywords= {software/mondrian; augsburg},
  number  = {11},
  pages   = {1-9},
  volume  = {7},
  year    = {2003}
}

@Book{tierney:1990,
  author  = {Tierney, Luke},
  title   = {Lisp-Stat: an object-oriented environment for statistical
            computing and dynamic graphics},
  address = {New York; Chichester},
  publisher={John Wiley \& Sons},
  year    = {1990}
}

@Article{trauwaert:1989,
  author  = {Trauwaert, E. and Rousseeuw, P. and Kaufman, L.},
  title   = {Some silhouette-based graphics for clustering interpretation},
  journal = {Belgian Journal of Operations Research, Statistics and Computer
            Science},
  keywords= {clustering},
  number  = {3},
  pages   = {35--55},
  volume  = {29},
  year    = {1989}
}

@Article{unwin:2003aa,
  author  = {Unwin, Antony and Volinsky, Chris and Winkler, Sylvia},
  title   = {Parallel coordinates for exploratory modelling analysis},
  journal = {Computational Statistics \& Data Analysis},
  keywords= {parallel coordinates; augsburg; model exploration},
  number  = {4},
  pages   = {553-564},
  url     = {http://rosuda.org/~unwin/AntonyArts/uvwCSDA.pdf},
  volume  = {43},
  year    = {2003}
}

@InProceedings{urbanek:2002,
  author  = {Urbanek, Simon},
  title   = {Exploring Statistical Forests},
  booktitle={Proceedings of the Joint Statistical Meetings},
  keywords= {model exploration},
  url     = {http://simon.urbanek.info/research/pub/urbanek-jsm02.pdf},
  year    = {2002}
}

@InProceedings{urbanek:2002a,
  author  = {Urbanek, Simon},
  title   = {Different ways to see a tree - KLIMT},
  booktitle={Proceedings of the 14th Conference on Computational Statistics,
            Compstat 2002},
  keywords= {model exploration},
  url     = {http://simon.urbanek.info/research/pub/urbanek-cs02.pdf},
  year    = {2002}
}

@InProceedings{urbanek:2003,
  author  = {Urbanek, Simon},
  title   = {Interactive Construction and Analysis of Trees},
  booktitle={Proceedings of the Joint Statistical Meetings},
  keywords= {classification; model exploration},
  url     = {http://simon.urbanek.info/research/pub/urbanek-jsm03.pdf},
  year    = {2003}
}

@PhDThesis{urbanek:2004,
  author  = {Urbanek, Simon},
  title   = {Exploratory Model Analysis. An Interactive Graphical Framework
            for Model Comparison and Selection},
  keywords= {modelling; augsburg; model exploration},
  school  = {Universit{\"a}t Augsburg},
  year    = {2004}
}

@InProceedings{urbanek:2005,
  author  = {Urbanek, Simon},
  title   = {Following Traces of Lost Models},
  booktitle={Proceedings of the Joint Statistical Meetings},
  keywords= {classification; model exploration},
  url     = {http://simon.urbanek.info/research/pub/urbanek-jsm05.pdf},
  year    = {2005}
}

@Manual{velleman:1992,
  author  = {Velleman, Paul F.},
  title   = {Data desk. The New Power of Statistical Vision},
  keywords= {software/datadesk},
  organization={Data Description Inc},
  url     = {http://www.datadesk.com/products/data_analysis/datadesk/},
  year    = {1992}
}

@TechReport{wickham:2007h,
  author  = {Wickham, Hadley},
  title   = {Meifly: Models explored interactively},
  institution={Department of Statistics, Iowa State University},
  number  = {4},
  url     = {http://www.stat.iastate.edu/preprint/articles/2007-04.pdf},
  year    = {2007}
}

@InProceedings{wilkinson:2005,
  author  = {Wilkinson, Leland and Anand, Anushka and Grossman, Robert},
  title   = {Graph-theoretic scagnostics},
  booktitle={IEEE Symposium on Information Visualization},
  keywords= {cognostics},
  pages   = {157--164},
  year    = {2005}
}

@Book{wood:2006,
  author  = {Wood, Simon},
  title   = {Generalized Additive Models: An Introduction with R},
  publisher={Chapman \& Hall/CRC},
  year    = {2006}
}

@InCollection{young:1993,
  author  = {Young, Forrest W. and Faldowski, Richard A. and McFarlane, Mary
            M.},
  title   = {Multivariate Statistical Visualization},
  booktitle={Handbook of statistics},
  editor  = {Rao, C},
  keywords= {software/vista},
  pages   = {959-998},
  publisher={Elsevier},
  volume  = {9},
  year    = {1993}
}

@article{Fisher, 
  Author={Fisher, Aaron and Anderson, G~Brooke and Peng, Roger and Leek, Jeff}, Year=2014, 
  Title={{A Randomized Trial in a Massive Online Open Course Shows People Don't Know What a Statistically Significant Relationship Looks Like, But They Can Learn}}, 
  Journal={PeerJ}, 
  Volume=2,
  Number={e589}}

@article{majumder:2013,
  author={Majumder, M. and Hofmann, H. and Cook, D.},
  title={{V}alidation of {V}isual {S}tatistical {I}nference, {A}pplied to {L}inear {M}odels},
  journal = {Journal of American Statistical Association},
  pages = {942 - 956}, 
  volume = {108:503},
  year = {2013}
}    
    
@article{berk:2013, 
  author={Berk, R. and Brown, L. and Buja, A. and Zhang, K. and Zhao, L.},
  title={Valid Post-selection Inference},
  journal={Annals of Statistics},
  year=2013,
  volume=41,
  number=2,
  pages={802--837}}

@book{Ch95,Author="Chatfield, C.",Year=1995,Title={Problem Solving: A
Statistician's Guide}, Publisher="Chapman and Hall/CRC Press", 
Address="London"}

@BOOK{CH90,Author="Crowder, M.~J. and Hand, D.~J.",Year=1990,
Title="Analysis of Repeated Measures", Publisher="Chapman and
Hall",Address="London"}

@ARTICLE{Buja96interactivehigh-dimensional,
    author = {Andreas Buja and Dianne Cook and Deborah F. Swayne},
    title = {Interactive High-Dimensional Data Visualization},
    journal = {Journal of Computational and Graphical Statistics},
    year = {1996},
    volume = {5},
    pages = {78--99}
}